% Examples of bibliography

@BOOK{randNumGen,
title={Генерация случайных чисел[{Э}лектронный ресурс]},
year={2021},
note={URL:~\url{https://ravesli.com/urok-71-generatsiya-sluchajnyh-chisel-funktsii-srand-i-rand/} (Дата обращения 24.05.2021) Загл. с экр. яз. рус.},
}


@BOOK{randNumGenDist,
title={Генераторы непрерывно распределенных случайных величин[{Э}лектронный ресурс]},
year={2021},
note={URL:~\url{https://habr.com/ru/post/263993/} (Дата обращения 24.05.2021) Загл. с экр. яз. рус.},
}


@BOOK{trueRandGen,
title={Поиск генераторов истинных случайных чисел[{Э}лектронный ресурс]},
year={2021},
note={URL:~\url{https://habr.com/ru/company/mailru/blog/408181/} (Дата обращения 24.05.2021) Загл. с экр. яз. рус.},
}


@book{Gnedenko2019,
	title    = {Курс теории вероятностей},
  author       = {Б. В. Гнеденко},
  pages        = {158--175},
  publisher    = {Едиториал УРСС},
  address      = {Москва, Россия},
  year         = {2019},
}


@book{Chistyakov1987,
	title    = {Курс теории вероятностей},
  author       = {В.П. Чистяков},
  pages        = {71--122},
  publisher    = {Наука},
  address      = {Москва, Россия},
  year         = {1987},
}
